<collection xmlns="http://www.loc.gov/MARC21/slim"><record><leader>01193nam  2200301   450</leader><controlfield tag="001">320</controlfield><controlfield tag="003">http://montalegre.opacnet.com/OPAC/default.aspx?ContentAreaControl=ShowRegHoldings.ascx&amp;RegNo=16662</controlfield><datafield tag="100" ind1=" " ind2=" "><subfield code="a">20061013d1980----k  y0pory0103    ba</subfield></datafield><datafield tag="101" ind1="0" ind2=" "><subfield code="a">por</subfield><subfield code="c">fre</subfield></datafield><datafield tag="102" ind1=" " ind2=" "><subfield code="a">PT</subfield></datafield><datafield tag="200" ind1="1" ind2=" "><subfield code="a">&lt;Os &gt;três mosqueteiros</subfield><subfield code="f">Alexandre Dumas</subfield><subfield code="g">tradução de Adelino dos Santos Rodrigues e Maria Gabriela de Bragança</subfield></datafield><datafield tag="210" ind1=" " ind2=" "><subfield code="a">Mem Martins</subfield><subfield code="c">Europa-América</subfield><subfield code="d">1980</subfield></datafield><datafield tag="215" ind1=" " ind2=" "><subfield code="a">3 vols</subfield><subfield code="d">21 cm</subfield></datafield><datafield tag="225" ind1="2" ind2=" "><subfield code="a">Livros de bolso Europa-América</subfield><subfield code="v">398, 401, 407</subfield></datafield><datafield tag="304" ind1=" " ind2=" "><subfield code="a">Tít. orig.: Les trois mousquetairs</subfield></datafield><datafield tag="327" ind1="1" ind2=" "><subfield code="a">Vol. 1, 185 p.. - vol. 2, 184 p.. - vol. 3, 194 p.</subfield></datafield><datafield tag="606" ind1="1" ind2=" "><subfield code="a">Literatura francesa</subfield></datafield><datafield tag="608" ind1=" " ind2=" "><subfield code="a">Romance</subfield></datafield><datafield tag="675" ind1=" " ind2=" "><subfield code="a">821</subfield><subfield code="v">BN</subfield><subfield code="z">por</subfield></datafield><datafield tag="700" ind1=" " ind2="1"><subfield code="a">Dumas</subfield><subfield code="b">Alexandre</subfield><subfield code="f">1802-1870</subfield></datafield><datafield tag="702" ind1=" " ind2="1"><subfield code="a">Rodrigues</subfield><subfield code="b">Adelino dos Santos</subfield><subfield code="4">730</subfield></datafield><datafield tag="702" ind1=" " ind2="1"><subfield code="a">Bragança</subfield><subfield code="b">Maria Gabriela de</subfield><subfield code="4">730</subfield></datafield><datafield tag="801" ind1=" " ind2="0"><subfield code="a">PT</subfield><subfield code="b">Biblioteca Municipal de Montalegre</subfield><subfield code="g">RPC</subfield></datafield><datafield tag="856" ind1=" " ind2=" "><subfield code="u">locateMedia.asp?cod=20060511143010&amp;ext=jpg</subfield><subfield code="z">CAPA</subfield></datafield><datafield tag="856" ind1=" " ind2=" "><subfield code="u">locateMedia.asp?cod=20060511143021&amp;ext=jpg</subfield><subfield code="z">CAPA</subfield></datafield><datafield tag="856" ind1=" " ind2=" "><subfield code="u">locateMedia.asp?cod=20060511143034&amp;ext=jpg</subfield><subfield code="z">CAPA</subfield></datafield><datafield tag="909" ind1="&#9;" ind2=" "><subfield code="a">3</subfield></datafield><datafield tag="966" ind1=" " ind2=" "><subfield code="a">0000503</subfield><subfield code="l">BMM</subfield><subfield code="s">SCG 821 DUM trê 398</subfield></datafield><datafield tag="966" ind1=" " ind2=" "><subfield code="a">0005204</subfield><subfield code="l">BMM</subfield><subfield code="s">SCG 821 DUM trê 401</subfield></datafield><datafield tag="966" ind1=" " ind2=" "><subfield code="a">0005205</subfield><subfield code="l">BMM</subfield><subfield code="s">SCG 821 DUM trê 407</subfield></datafield></record></collection>